@book{ kudryashov,
    author      = {Кудряшов, Б.Д.},
    title       = {Основы теории кодирования},
    year        = {2016},
    publisher   = {БХВ-Петербург},
    langid      = {russian}
}   

@online{ facebook,
    author = {Yann Collet and Chip Turner},
    title = {Smaller and faster data compression with Zstandard},
    url = {https://code.facebook.com/posts/1658392934479273/smaller-and-faster-data-compression-with-zstandard/},
    year = {2016},
    month = {aug}
}

@book{ handbook,
    author = {David Salomon and Giovanni Motta},
    title = {Handbook of Data Compression },
    year = {2010}, 
    publisher = {Springer-Verlag London Limited},
    isbn = {978-1-84882-903-9}
}




@online {zstd-wiki,
    url = {https://www.infoq.com/news/2016/09/facebook-zstandard-compression},
    title = {Facebook Open-Sources New Compression Algorithm Outperforming Zlib},
    langid = {eng},
    author = {Sergio De Simone},
    year = {2016}
}

@techreport { two-times,
    url = {https://russia.emc.com/about/news/press/2011/20110628-01.htm},
    title = {Мировой объем данных увеличивается более чем в два раза каждые два года, большие объемы данных открывают новые возможности и изменяют роль ИТ},
    year = {2011},
    author = {russia EMC},
    
}

@online { compression-banchmark,
    url = {http://mattmahoney.net/dc/text.html},
    title = {Large Text Compression Benchmark},
    author = {Matt Mahoney},
    year = {2017}
}

@book { knuth,
    author = {Кнут, Дональд Эрвин},
    title = {Искусство программирования. Том 3. Сортировка и поиск},
    isbn = {5-8459-0082-1},
    publisher = {Москва: Вильямс},
    year = {2007}
    
}

@online { github,
    author = {Минаев, Борис Юрьевич},
    url = {https://github.com/BorysMinaiev/MessagesCompress},
    title = {MessagesCompress},
    year = {2017}
    
}

@online { smaz,
    author = {Salvatore Sanfilippo},
    url = {https://github.com/antirez/smaz},
    title = {SMAZ},
    year = {2012}
    
}

@article { lzw,
    author = {Victor S. Miller, Mark N. Wegman},
    title = {Variations on a theme by Ziv and Lempel},
    pages = {131-140},
    journal = {Combinatorial algorithms on words},
    publisher ={Springer Berlin Heidelberg},
    year = {1985}
}

@article { huffman,
    title = {A Method for the Construction of Minimum-Redundancy Codes},
    author = {David Huffman},
    year = {1952},
    journal = {Proceedings of the IEEE},
    pages = {1098–1101}

}

@article {lz77-wiki,
    author = {Jacob Ziv and Abraham Lempel},
    title = {A Universal Algorithm for Sequential Data Compression},
    journal = {IEEE Transactions on Information Theory},
    pages = {337—343},
    year = {1977},
}

@article {rle-wiki,
    author = {Robinson, A. H. and Cherry, C},
    title = {Results of a prototype television bandwidth compression scheme},
    journal = {Proceedings of the IEEE},
    pages = {356–364},
    year = {1967},
}


@online {gutenberg,
    url = {https://www.gutenberg.org/},
    title = {Free ebooks by Project Gutenberg},
    langid = {eng},
}